@misc{mono_c++cli,
  howpublished={\url{http://www.mono-project.com/docs/about-mono/languages/cplusplus/}},
  title="Mono C++/CLI Documentation",
  author="Alexander {Köplinger}"
}

@misc{mono_embedding,
  howpublished={\url{http://www.mono-project.com/docs/advanced/embedding/}},
  title="Mono Embedding Documentation",
  author="Alexander {Köplinger}"
}

@misc{msdn_interop_performance,
  howpublished={\url{https://msdn.microsoft.com/en-us/library/ky8kkddw.aspx}},
  title="MSDN Performance Considerations for Interop (C++)",
  author="Microsoft"
}

@misc{msdn_performance_considerations,
  howpublished={\url{https://msdn.microsoft.com/en-us/library/ky8kkddw.aspx}},
  title="MSDN Performance Considerations for Run-Time Technologies in the .NET Framework",
  author="Emmanuel Schanzer"
}

@misc{msdn_hosted,
  howpublished={\url{https://msdn.microsoft.com/en-us/library/dd380851(v=vs.100).aspx}},
  title="MSDN .NET Framework 4 Hosting Interfaces",
  author="Microsoft"
}

%@misc{msdn_using_interop,
%  howpublished={\url{https://msdn.microsoft.com/en-us/library/2x8kf7zx.aspx}},
%  title="MSDN Using C++ interop",
%  author="Microsoft"
%}

@misc{msdn_pinvoke,
  howpublished={\url{https://msdn.microsoft.com/en-us/library/aa288468(v=vs.71).aspx}},
  title="MSDN Platform Invoke Tutorial",
  author="Microsoft"
}

@misc{msdn_identifiers,
  howpublished={\url{https://msdn.microsoft.com/en-us/library/aa664670.aspx}},
  title="MSDN 2.4.2: Identifiers",
  author="Microsoft"
}

@misc{llvm,
  howpublished={\url{https://llvm.org}},
  title="LLVM official site",
}


@misc{ecma335,
  howpublished={\url{http://www.ecma-international.org/publications/files/ECMA-ST/ECMA-335.pdf}},
  title="ECMA-335: Common Language Infrastructure (CLI)",
  author="ECMA International"
}


@misc{msdn_interop_performance,
  howpublished={\url{https://msdn.microsoft.com/en-us/library/ky8kkddw.aspx}},
  title="MSDN Performance Considerations for Interop (C++)",
  author="Microsoft"
}

%@misc{msdn_using_interop,
%  howpublished={\url{https://msdn.microsoft.com/en-us/library/2x8kf7zx.aspx}},
%  title="MSDN Using C++ interop",
%  author="Microsoft"
%}

@misc{msdn_pinvoke,
  howpublished={\url{https://msdn.microsoft.com/en-us/library/aa288468(v=vs.71).aspx}},
  title="MSDN Platform Invoke Tutorial",
  author="Microsoft"
}

@misc{msdn_identifiers,
  howpublished={\url{https://msdn.microsoft.com/en-us/library/aa664670.aspx}},
  title="MSDN 2.4.2: Identifiers",
  author="Microsoft"
}

@misc{llvm,
  howpublished={\url{https://llvm.org}},
  title="LLVM official site",
}


@misc{ecma335,
  howpublished={\url{http://www.ecma-international.org/publications/files/ECMA-ST/ECMA-335.pdf}},
  title="ECMA-335: Common Language Infrastructure (CLI)",
  author="ECMA International"
}

@article{Meyerovich,
 author = {Meyerovich, Leo A. and Rabkin, Ariel S.},
 title = {Empirical Analysis of Programming Language Adoption},
 journal = {SIGPLAN Not.},
 issue_date = {October 2013},
 volume = {48},
 number = {10},
 month = oct,
 year = {2013},
 issn = {0362-1340},
 pages = {1--18},
 numpages = {18},
 url = {http://doi.acm.org/10.1145/2544173.2509515},
 doi = {10.1145/2544173.2509515},
 acmid = {2509515},
 publisher = {ACM},
 address = {New York, NY, USA},
 keywords = {programming language adoption, survey research},
} 
